<?xml version="1.0" encoding="UTF-8"?><collection xmlns="http://www.loc.gov/MARC21/slim"><record><leader>00347nam--2200121-i-4500</leader><controlfield tag="001">000002358</controlfield><controlfield tag="002">20161230</controlfield><controlfield tag="005">20161230201025</controlfield><controlfield tag="008">060222s1000------------r-----000-0-eng-d</controlfield><datafield ind1=" " ind2=" " tag="100"><subfield code="a">Greene, R. N</subfield></datafield><datafield ind1=" " ind2=" " tag="245"><subfield code="a">A new mechanism for the rearrangement of p-propyl alfa c14-benzene. dissertation</subfield></datafield><datafield ind1=" " ind2=" " tag="260"><subfield code="a">Austin, Texas, 1965. Ix + 199 Pag</subfield></datafield><datafield ind1=" " ind2=" " tag="852"><subfield code="a">24033</subfield></datafield></record></collection>